@misc{booleanalgebra,
      author="Weisstein, Eric W.",
      title="Boolean Algebra.",
      journal="MathWorld--A Wolfram Web Resource.",
      howpublished = {\url{http://mathworld.wolfram.com/BooleanAlgebra.html}}
}
@misc{algebrainterp,
      title = "Boolean algebra",
      journal="Wikipedia",
      howpublished = {\url{https://en.wikipedia.org/wiki/Boolean_algebra}}
}
@misc{field,
      author="Mayer, Ray",
      title="The Field Axioms",
      journal="Reed College Course Notes for Math 111 and Math 112",
      howpublished = {\url{http://people.reed.edu/~mayer/math112.html/html1/node16.html}}
}
@article{addcomm,
         author = "Leonard Eugene Dickson",
         title = "Definition of a group and a field by independent postulates.",
         journal = "Transactions of the American Mathematical Society",
         pages = "6:198-204",
         year = "1905"
}
